{
  "leader": "03970cam a2200505 a 4500",
  "fields": [
    {
      "001": "ocm12942725\\"
    },
    {
      "003": "OCoLC"
    },
    {
      "005": "20220105112702.0"
    },
    {
      "008": "851113s1985\\\\\\\\nyua\\\\\\\\\\b\\\\\\\\101\\0\\eng\\\\"
    },
    {
      "010": {
        "ind1": "\\",
        "ind2": "\\",
        "subfields": [
          {
            "a": "   85062452 "
          }
        ]
      }
    },
    {
      "040": {
        "ind1": "\\",
        "ind2": "\\",
        "subfields": [
          {
            "a": "DLC"
          },
          {
            "b": "eng"
          },
          {
            "c": "DLC"
          },
          {
            "d": "MUQ"
          },
          {
            "d": "NLGGC"
          },
          {
            "d": "BTCTA"
          },
          {
            "d": "BAKER"
          },
          {
            "d": "YDXCP"
          },
          {
            "d": "LAS"
          },
          {
            "d": "DEBBG"
          },
          {
            "d": "UKMGB"
          },
          {
            "d": "BDX"
          },
          {
            "d": "OCLCF"
          },
          {
            "d": "OCLCO"
          },
          {
            "d": "OCLCQ"
          },
          {
            "d": "OCLCO"
          },
          {
            "d": "OCLCQ"
          },
          {
            "d": "NLC"
          },
          {
            "d": "OCLCO"
          },
          {
            "d": "OCLCQ"
          },
          {
            "d": "SNN"
          },
          {
            "d": "BGU"
          },
          {
            "d": "OCLCO"
          },
          {
            "d": "CPS"
          },
          {
            "d": "OCLCQ"
          },
          {
            "d": "OCLCA"
          },
          {
            "d": "OCLCO"
          },
          {
            "d": "CBA"
          },
          {
            "d": "OCLCO"
          },
          {
            "d": "NKM"
          },
          {
            "d": "OCLCO"
          },
          {
            "d": "BUF"
          },
          {
            "d": "OCLCO"
          },
          {
            "d": "S2H"
          },
          {
            "d": "OCLCA"
          },
          {
            "d": "MM9"
          },
          {
            "d": "IL4J6"
          },
          {
            "d": "OCLCO"
          }
        ]
      }
    },
    {
      "016": {
        "ind1": "7",
        "ind2": "\\",
        "subfields": [
          {
            "a": "011375979"
          },
          {
            "2": "Uk"
          }
        ]
      }
    },
    {
      "016": {
        "ind1": "\\",
        "ind2": "\\",
        "subfields": [
          {
            "a": "(AMICUS)000006023752"
          }
        ]
      }
    },
    {
      "019": {
        "ind1": "\\",
        "ind2": "\\",
        "subfields": [
          {
            "a": "491693702"
          },
          {
            "a": "1170787447"
          }
        ]
      }
    },
    {
      "020": {
        "ind1": "\\",
        "ind2": "\\",
        "subfields": [
          {
            "a": "0871542218"
          }
        ]
      }
    },
    {
      "020": {
        "ind1": "\\",
        "ind2": "\\",
        "subfields": [
          {
            "a": "9780871542212"
          }
        ]
      }
    },
    {
      "035": {
        "ind1": "\\",
        "ind2": "\\",
        "subfields": [
          {
            "a": "(OCoLC)12942725"
          },
          {
            "z": "(OCoLC)491693702"
          },
          {
            "z": "(OCoLC)1170787447"
          }
        ]
      }
    },
    {
      "037": {
        "ind1": "\\",
        "ind2": "\\",
        "subfields": [
          {
            "c": "CIP entry"
          }
        ]
      }
    },
    {
      "043": {
        "ind1": "\\",
        "ind2": "\\",
        "subfields": [
          {
            "a": "n-us---"
          }
        ]
      }
    },
    {
      "050": {
        "ind1": "0",
        "ind2": "0",
        "subfields": [
          {
            "a": "HQ734"
          },
          {
            "b": ".C75 1985"
          }
        ]
      }
    },
    {
      "055": {
        "ind1": "\\",
        "ind2": "1",
        "subfields": [
          {
            "a": "HQ734"
          }
        ]
      }
    },
    {
      "082": {
        "ind1": "0",
        "ind2": "0",
        "subfields": [
          {
            "a": "306.81"
          },
          {
            "b": "CON"
          }
        ]
      }
    },
    {
      "245": {
        "ind1": "0",
        "ind2": "0",
        "subfields": [
          {
            "a": "Contemporary marriage :"
          },
          {
            "b": "comparative perspectives on a changing institution /"
          },
          {
            "c": "edited by Kingsley Davis, in association with Amyra Grossbard-Shechtman."
          }
        ]
      }
    },
    {
      "260": {
        "ind1": "\\",
        "ind2": "\\",
        "subfields": [
          {
            "a": "New York :"
          },
          {
            "b": "Russell Sage Foundation,"
          },
          {
            "c": "\u00a91985."
          }
        ]
      }
    },
    {
      "300": {
        "ind1": "\\",
        "ind2": "\\",
        "subfields": [
          {
            "a": "xiii, 432 pages :"
          },
          {
            "b": "illustrations ;"
          },
          {
            "c": "24 cm"
          }
        ]
      }
    },
    {
      "336": {
        "ind1": "\\",
        "ind2": "\\",
        "subfields": [
          {
            "a": "text"
          },
          {
            "b": "txt"
          },
          {
            "2": "rdacontent"
          }
        ]
      }
    },
    {
      "337": {
        "ind1": "\\",
        "ind2": "\\",
        "subfields": [
          {
            "a": "unmediated"
          },
          {
            "b": "n"
          },
          {
            "2": "rdamedia"
          }
        ]
      }
    },
    {
      "338": {
        "ind1": "\\",
        "ind2": "\\",
        "subfields": [
          {
            "a": "volume"
          },
          {
            "b": "nc"
          },
          {
            "2": "rdacarrier"
          }
        ]
      }
    },
    {
      "504": {
        "ind1": "\\",
        "ind2": "\\",
        "subfields": [
          {
            "a": "Includes bibliographical references and index."
          }
        ]
      }
    },
    {
      "505": {
        "ind1": "0",
        "ind2": "0",
        "subfields": [
          {
            "g": "The meaning and significance of marriage in contemporary society --"
          },
          {
            "g": "Part I. The revolution in marital behavior : the factual study --"
          },
          {
            "t": "The future of marriage /"
          },
          {
            "r": "Kingsley Davis --"
          },
          {
            "t": "The recent decline of American marriage : Blacks and Whites in comparative perspective /"
          },
          {
            "r": "Thomas J. Espenshade --"
          },
          {
            "t": "Cohabitation in the 1980s : recent changes in the United States /"
          },
          {
            "r": "Graham B. Spanier --"
          },
          {
            "t": "Couples without children : premarital cohabitation in France /"
          },
          {
            "r": "Elwood Carlson --"
          },
          {
            "g": "Part II. The limits of variation in marital patterns --"
          },
          {
            "t": "Darwinism and contemporary marriage /"
          },
          {
            "r": "Donald Symons --"
          },
          {
            "t": "The importance of marriage for socialization : a comparison of achievements and social adjustment between offspring of one- and two-parent families in Israel /"
          },
          {
            "r": "Yochanan Peres and Rachel Pasternack --"
          },
          {
            "g": "Part III. Comparative studies of marital change --"
          },
          {
            "t": "Historical reflections on American marriage /"
          },
          {
            "r": "John Modell --"
          },
          {
            "t": "Japan : culture versus industrialization as determinant of marital patterns /"
          },
          {
            "r": "Joy Hendry --"
          },
          {
            "t": "Marriage, family, and the state in contemporary China /"
          },
          {
            "r": "Margery Wolf --"
          },
          {
            "t": "African marriage in an impinging world : the case of Southern Africa /"
          },
          {
            "r": "Adam Kuper --"
          },
          {
            "t": "A familistic religion in a modern society /"
          },
          {
            "r": "James E. Smith --"
          },
          {
            "g": "Part IV. Law and the revolution of sex roles --"
          },
          {
            "t": "The divorce law revolution and the transformation of legal marriage /"
          },
          {
            "r": "Lenore J. Weitzman --"
          },
          {
            "t": "New models of marriage and divorce : significant legal developments in the last decade /"
          },
          {
            "r": "Grace Ganz Blumberg --"
          },
          {
            "g": "Part V. Calculation and emotion in the marriage market /"
          },
          {
            "r": "Amyra Grossbard-Shechtman --"
          },
          {
            "t": "Emotional aspects of contemporary relations : from status to contract /"
          },
          {
            "r": "Alan A. Stone."
          }
        ]
      }
    },
    {
      "650": {
        "ind1": "\\",
        "ind2": "0",
        "subfields": [
          {
            "a": "Marriage"
          },
          {
            "x": "Cross-cultural studies"
          },
          {
            "v": "Congresses."
          }
        ]
      }
    },
    {
      "650": {
        "ind1": "\\",
        "ind2": "0",
        "subfields": [
          {
            "a": "Marriage"
          },
          {
            "z": "United States"
          },
          {
            "v": "Congresses."
          }
        ]
      }
    },
    {
      "650": {
        "ind1": "\\",
        "ind2": "7",
        "subfields": [
          {
            "a": "Marriage."
          },
          {
            "2": "fast"
          },
          {
            "0": "(OCoLC)fst01010443"
          }
        ]
      }
    },
    {
      "650": {
        "ind1": "\\",
        "ind2": "7",
        "subfields": [
          {
            "a": "Marriage"
          },
          {
            "x": "Cross-cultural studies."
          },
          {
            "2": "fast"
          },
          {
            "0": "(OCoLC)fst01010459"
          }
        ]
      }
    },
    {
      "651": {
        "ind1": "\\",
        "ind2": "7",
        "subfields": [
          {
            "a": "United States."
          },
          {
            "2": "fast"
          },
          {
            "0": "(OCoLC)fst01204155"
          }
        ]
      }
    },
    {
      "655": {
        "ind1": "\\",
        "ind2": "7",
        "subfields": [
          {
            "a": "Conference papers and proceedings."
          },
          {
            "2": "fast"
          },
          {
            "0": "(OCoLC)fst01423772"
          }
        ]
      }
    },
    {
      "700": {
        "ind1": "1",
        "ind2": "\\",
        "subfields": [
          {
            "a": "Davis, Kingsley,"
          },
          {
            "d": "1908-1997."
          }
        ]
      }
    },
    {
      "700": {
        "ind1": "1",
        "ind2": "\\",
        "subfields": [
          {
            "a": "Grossbard-Shechtman, Shoshana,"
          },
          {
            "d": "1948-"
          }
        ]
      }
    },
    {
      "776": {
        "ind1": "0",
        "ind2": "8",
        "subfields": [
          {
            "i": "Online version:"
          },
          {
            "t": "Contemporary marriage."
          },
          {
            "d": "New York : Russell Sage Foundation, \u00a91985"
          },
          {
            "w": "(OCoLC)654785348"
          }
        ]
      }
    },
    {
      "856": {
        "ind1": "4",
        "ind2": "2",
        "subfields": [
          {
            "3": "Contributor biographical information"
          },
          {
            "u": "http://catdir.loc.gov/catdir/enhancements/fy1602/85062452-b.html"
          }
        ]
      }
    },
    {
      "856": {
        "ind1": "4",
        "ind2": "2",
        "subfields": [
          {
            "3": "Publisher description"
          },
          {
            "u": "http://catdir.loc.gov/catdir/enhancements/fy1602/85062452-d.html"
          }
        ]
      }
    },
    {
      "856": {
        "ind1": "4",
        "ind2": "2",
        "subfields": [
          {
            "3": "French equivalent / E\u0301quivalent franc\u0327ais"
          },
          {
            "u": "https://bac-lac.on.worldcat.org/oclc/299406546"
          }
        ]
      }
    },
    {
      "994": {
        "ind1": "\\",
        "ind2": "\\",
        "subfields": [
          {
            "a": "Z0"
          },
          {
            "b": "NYRVC"
          }
        ]
      }
    },
    {
      "948": {
        "ind1": "\\",
        "ind2": "\\",
        "subfields": [
          {
            "h": "NO HOLDINGS IN NYRVC - 405 OTHER HOLDINGS"
          }
        ]
      }
    },
    {
      "999": {
        "ind1": "\\",
        "ind2": "\\",
        "subfields": [
          {
            "a": "00000000014656"
          }
        ]
      }
    }
  ]
}